<?xml version="1.0" encoding="UTF-8"?><collection><record><leader>02518ntm a2200373 a 4500</leader><controlfield tag="001">002641741</controlfield><controlfield tag="003">MiAaHDL</controlfield><controlfield tag="005">20190719000000.0</controlfield><controlfield tag="006">m        d        </controlfield><controlfield tag="007">cr bn ---auaua</controlfield><controlfield tag="008">930712s1754    xx            00||  ara d</controlfield><datafield tag="035" ind1=" " ind2=" "><subfield code="a">(MiU)002641741</subfield></datafield><datafield tag="035" ind1=" " ind2=" "><subfield code="a">sdr-miu002641741</subfield></datafield><datafield tag="035" ind1=" " ind2=" "><subfield code="a">(OCoLC)34366821</subfield></datafield><datafield tag="035" ind1=" " ind2=" "><subfield code="a">(RLIN)MIUH93-A211</subfield></datafield><datafield tag="040" ind1=" " ind2=" "><subfield code="a">MiU</subfield><subfield code="c">MiU</subfield><subfield code="e">appm</subfield><subfield code="d">MiU</subfield></datafield><datafield tag="100" ind1="1" ind2=" "><subfield code="6">880-01</subfield><subfield code="a">Āqkirmānī, Muḥammad ibn Muṣṭafá,</subfield><subfield code="d">-1760 or 1761.</subfield></datafield><datafield tag="245" ind1="1" ind2="0"><subfield code="6">880-02</subfield><subfield code="a">Sharḥ al-aḥādīth al-arbaʻīn :</subfield><subfield code="k">manuscript,</subfield><subfield code="f">[1754].</subfield></datafield><datafield tag="300" ind1=" " ind2=" "><subfield code="a">1</subfield><subfield code="f">v. ([455] p.) ;</subfield><subfield code="c">22 cm.</subfield></datafield><datafield tag="500" ind1=" " ind2=" "><subfield code="a">Illuminated ʻunwān on p. [1]; text rubricated and enclosed within gold borders; marginal commentaries in hand of copyist; foliation in hand of copyist; edges gilded in foliate patterns; vol. has edge title.</subfield></datafield><datafield tag="500" ind1=" " ind2=" "><subfield code="a">... qad waqaʻa al-farāgh ... min taḥrīr sharḥ al-aḥādīth al-arbaʻīn ʻalá yad Muḥamamd ʻĀrif ... fī yawm al-arbuʻāʾ al-ʻishrīn min shahr Rabīʻ al-ākhir min al-sanah al-sābiʻah baʻd al-sittīn wa-al-miʾah wa-al-alf [i.e. 14 February 1754].</subfield></datafield><datafield tag="500" ind1=" " ind2=" "><subfield code="a">Dates of completion and final copying in colophon: wa-qad waqaʻa al-farāgh ... ʻan taḥrīr hādhā al-sharḥ al-mustaṭāb ʻalá yad jāmiʻihi Muḥammad ibn Muṣṭafá al-Amkartānī[?] mawlidan wa-al-Ḥanafī madhhaban wa-al-Mātrīdī iʻtiqādan wa-dhālika fī Jumādá al-ūlá min al-sanah al-sābiʻah baʻd al-khamsīn wa-al-miʾah wa-al-alf [i.e. June-July 1744]</subfield></datafield><datafield tag="510" ind1="4" ind2=" "><subfield code="a">GAL,</subfield><subfield code="c">v. II, p. 586</subfield></datafield><datafield tag="520" ind1=" " ind2=" "><subfield code="a">Completion of a commentary on a selection of 40 prophetic traditions begun by Birgivî Mehmet Efendi (ca. 1522-1573).</subfield></datafield><datafield tag="538" ind1=" " ind2=" "><subfield code="a">Mode of access: Internet.</subfield></datafield><datafield tag="541" ind1=" " ind2=" "><subfield code="d">1924</subfield><subfield code="3">Manuscript</subfield><subfield code="a">Anonymous</subfield><subfield code="c">Purchase, 1924</subfield><subfield code="h">$50.00</subfield></datafield><datafield tag="545" ind1=" " ind2=" "><subfield code="a">Well-known Turkish philosopher.</subfield></datafield><datafield tag="561" ind1=" " ind2=" "><subfield code="a">Purchased in Cairo, 1924. On flyleaf, owner's autograph (not identified): min kutub al-faqīr Muḥammad ...[?]; once part of the personal manuscript collection of Sultan Abdülhamid II of Turkey.</subfield></datafield><datafield tag="650" ind1=" " ind2="0"><subfield code="a">Hadith</subfield><subfield code="x">Interpretation and construction.</subfield></datafield><datafield tag="650" ind1=" " ind2="0"><subfield code="a">Manuscripts, Arabic</subfield><subfield code="z">Michigan</subfield><subfield code="z">Ann Arbor.</subfield></datafield><datafield tag="700" ind1="0" ind2=" "><subfield code="a">Birgivî Mehmet Efendi,</subfield><subfield code="d">approximately 1522-1573.</subfield></datafield><datafield tag="700" ind1="0" ind2=" "><subfield code="a">Abdülhamid</subfield><subfield code="b">II,</subfield><subfield code="c">Sultan of the Turks,</subfield><subfield code="d">1842-1918,</subfield><subfield code="e">former owner.</subfield></datafield><datafield tag="773" ind1="0" ind2=" "><subfield code="a">Abdul Hamid Collection.</subfield><subfield code="7">unbc</subfield><subfield code="w">(CStRLIN)MIUH93-A187.</subfield></datafield><datafield tag="880" ind1="1" ind2="0"><subfield code="6">245-02/</subfield><subfield code="a">شرح الأحاديث الأربعين :</subfield><subfield code="k">manuscript،</subfield><subfield code="f">[1754].</subfield></datafield><datafield tag="880" ind1="0" ind2=" "><subfield code="6">100-01/</subfield><subfield code="a">محمد بن مصطفى الآقكرماني.</subfield></datafield><datafield tag="CID" ind1=" " ind2=" "><subfield code="a">002641741</subfield></datafield><datafield tag="DAT" ind1="0" ind2=" "><subfield code="a">20190719102633.0</subfield><subfield code="b">20190719000000.0</subfield></datafield><datafield tag="DAT" ind1="1" ind2=" "><subfield code="a">20190719090653.0</subfield><subfield code="b">2019-07-19T16:10:47Z</subfield></datafield><datafield tag="DAT" ind1="2" ind2=" "><subfield code="a">2015-10-02T18:00:03Z</subfield></datafield><datafield tag="CAT" ind1=" " ind2=" "><subfield code="a">SDR-MIU</subfield><subfield code="d">EX LIBRIS - ALEPH</subfield><subfield code="l">prepare.pl-004-008</subfield></datafield><datafield tag="FMT" ind1=" " ind2=" "><subfield code="a">BK</subfield></datafield><datafield tag="HOL" ind1=" " ind2=" "><subfield code="0">sdr-miu002641741</subfield><subfield code="a">MiU</subfield><subfield code="b">SDR</subfield><subfield code="c">MIU</subfield><subfield code="p">mdp.39015081446190</subfield><subfield code="s">MIU</subfield><subfield code="1">002641741</subfield></datafield><datafield tag="974" ind1=" " ind2=" "><subfield code="b">MIU</subfield><subfield code="c">MIU</subfield><subfield code="d">20190719</subfield><subfield code="s">lit-dlps-dc</subfield><subfield code="u">mdp.39015081446190</subfield><subfield code="y">1754</subfield><subfield code="r">pd</subfield><subfield code="q">bib</subfield><subfield code="t">non-US bib date1 &lt; 1896</subfield></datafield></record></collection>